

@inbook{svdecomp,
	author = "David C. Lay, Steven R. Lay, Judi J. McDonald",
	title = "Linear Algebra and its Applications",
	chapter = "7.4",
	pages = "432-441",
	publisher = "Pearson Education Limited",
	year = "2016",	
}


@online{EarthExplorer,
  	author  = 	{{Geological Survey (U.S.)} and {EROS Data Center}},
	title 	=  	{Earth Explorer},
	year	=	{2000},
	note	=	{Accessed Oct. 10 2022 at \url{https://earthexplorer.usgs.gov}}, 
}


@inbook{mhjensen,
	author 	= {Morten Hjorth-Jensen},
	title 	= {{A}pplied {D}ata {A}nalysis and {M}achine {L}earning},
	chapter = {6-7},
	year	= {2021},
	publisher = {{J}upyter {B}ook},
	note 	= {Accessed Nov. 10 at \url{https://compphysics.github.io/MachineLearning/doc/LectureNotes/_build/html/intro.html}},
}


@book{Goodfellow2016,
    title	= {Deep Learning},
    author	= {Ian Goodfellow and Yoshua Bengio and Aaron Courville},
    publisher = {MIT Press},
    note	= {Accessed Nov. 5 2022 at \url{http://www.deeplearningbook.org}},
    year	= {2016},
}