
@inbook{midpoint_rule,
	author	= "A.C Faul",
	title	= "A Concise Introduction to Numerical Analysis",
	chapter	= "5",
	pages	= "131",
	publisher= "CRC Press",
	year	= "2016",
}